@Book{book1,
  author    = {Jorge Nocedal and Stephen J. Wright},
  publisher = {Springer},
  title     = {Numerical Optimization},
  year      = {2006},
  address   = {New York, NY, USA},
  edition   = {2e},
}
