@book{book1,
  title={Numerical Recipes 3rd Edition: The Art of Scientific Computing},
  author={Press, W.H. and Teukolsky, S.A. and Vetterling, W.T. and Flannery, B.P.},
  isbn={9780521880688},
  lccn={2007062003},
  year={2007},
  publisher={Cambridge University Press}
}